
    <marc:record>
        <marc:leader>02288cam a2200529 c 4500</marc:leader>
        <marc:controlfield tag="001">991334639234702202</marc:controlfield>
        <marc:controlfield tag="005">20230531223353.0</marc:controlfield>
        <marc:controlfield tag="007">ta</marc:controlfield>
        <marc:controlfield tag="008">151016s2014    no     |||||||000|f nob| </marc:controlfield>
        <marc:datafield tag="020" ind1=" " ind2=" ">
            <marc:subfield code="a">978-82-03-35593-6</marc:subfield>
            <marc:subfield code="q">ib.</marc:subfield>
            <marc:subfield code="c">Nkr 399.00</marc:subfield>
            <marc:subfield code="q">Aschehoug</marc:subfield>
        </marc:datafield>
        <marc:datafield tag="020" ind1=" " ind2=" ">
            <marc:subfield code="a">978-82-525-8317-5</marc:subfield>
            <marc:subfield code="q">ib.</marc:subfield>
            <marc:subfield code="c">Nkr 349.00</marc:subfield>
            <marc:subfield code="q">Bokklubben</marc:subfield>
        </marc:datafield>
        <marc:datafield tag="080" ind1=" " ind2=" ">
            <marc:subfield code="a">82</marc:subfield>
        </marc:datafield>
        <marc:datafield tag="080" ind1=" " ind2=" ">
            <marc:subfield code="a">839.6</marc:subfield>
        </marc:datafield>
        <marc:datafield tag="082" ind1="0" ind2="4">
            <marc:subfield code="a">839.82</marc:subfield>
            <marc:subfield code="2">23</marc:subfield>
        </marc:datafield>
        <marc:datafield tag="082" ind1="0" ind2="4">
            <marc:subfield code="a">839.8238</marc:subfield>
            <marc:subfield code="2">23</marc:subfield>
        </marc:datafield>
        <marc:datafield tag="082" ind1="7" ind2="4">
            <marc:subfield code="a">365.6</marc:subfield>
            <marc:subfield code="2">5/nor</marc:subfield>
        </marc:datafield>
        <marc:datafield tag="082" ind1="7" ind2="4">
            <marc:subfield code="a">839.823</marc:subfield>
            <marc:subfield code="q">NO-OsNB</marc:subfield>
            <marc:subfield code="2">5/nor</marc:subfield>
        </marc:datafield>
        <marc:datafield tag="100" ind1="1" ind2=" ">
            <marc:subfield code="a">Nesbø, Jo</marc:subfield>
            <marc:subfield code="d">1960-</marc:subfield>
            <marc:subfield code="0">(NO-TrBIB)90356569</marc:subfield>
            <marc:subfield code="1">http://viaf.org/viaf/44460209</marc:subfield>
            <marc:subfield code="4">http://rdaregistry.info/Elements/w/object/P10061</marc:subfield>
        </marc:datafield>
        <marc:datafield tag="240" ind1=" " ind2=" ">
            <marc:subfield code="a">Sønnen</marc:subfield>
            <marc:subfield code="1">http://viaf.org/viaf/309841729</marc:subfield>
        </marc:datafield>
        <marc:datafield tag="245" ind1="1" ind2="0">
            <marc:subfield code="a">Sønnen</marc:subfield>
            <marc:subfield code="c">Jo Nesbø</marc:subfield>
        </marc:datafield>
        <marc:datafield tag="260" ind1=" " ind2=" ">
            <marc:subfield code="a">Oslo</marc:subfield>
            <marc:subfield code="b">Aschehoug</marc:subfield>
            <marc:subfield code="c">2014</marc:subfield>
        </marc:datafield>
        <marc:datafield tag="300" ind1=" " ind2=" ">
            <marc:subfield code="a">510 s.</marc:subfield>
        </marc:datafield>
        <marc:datafield tag="336" ind1=" " ind2=" ">
            <marc:subfield code="a">text</marc:subfield>
            <marc:subfield code="2">rdacontent</marc:subfield>
            <marc:subfield code="0">http://rdaregistry.info/termList/RDAContentType/1020</marc:subfield>
        </marc:datafield>
        <marc:datafield tag="337" ind1=" " ind2=" ">
            <marc:subfield code="a">unmediated</marc:subfield>
            <marc:subfield code="2">rdamedia</marc:subfield>
            <marc:subfield code="0">http://rdaregistry.info/termList/RDAMediaType/1007</marc:subfield>
        </marc:datafield>
        <marc:datafield tag="338" ind1=" " ind2=" ">
            <marc:subfield code="a">volume</marc:subfield>
            <marc:subfield code="2">rdacarrier</marc:subfield>
            <marc:subfield code="0">http://rdaregistry.info/termList/RDACarrierType/1049</marc:subfield>
        </marc:datafield>
        <marc:datafield tag="767" ind1="0" ind2=" ">
            <marc:subfield code="6">880-01</marc:subfield>
            <marc:subfield code="t">Sinŭt</marc:subfield>
            <marc:subfield code="w">999921367594002201</marc:subfield>
            <marc:subfield code="z">978-954-357-455-1</marc:subfield>
        </marc:datafield>
        <marc:datafield tag="767" ind1="0" ind2=" ">
            <marc:subfield code="a">Nesbø, Jo</marc:subfield>
            <marc:subfield code="t">De zoon</marc:subfield>
            <marc:subfield code="w">991439607684702201</marc:subfield>
        </marc:datafield>
        <marc:datafield tag="767" ind1="0" ind2=" ">
            <marc:subfield code="a">Nesbø, Jo</marc:subfield>
            <marc:subfield code="t">Der Sohn :</marc:subfield>
            <marc:subfield code="w">991443691254702201</marc:subfield>
        </marc:datafield>
        <marc:datafield tag="767" ind1="0" ind2=" ">
            <marc:subfield code="a">Nesbø, Jo</marc:subfield>
            <marc:subfield code="t">Der Sohn</marc:subfield>
            <marc:subfield code="w">999920383965802201</marc:subfield>
        </marc:datafield>
        <marc:datafield tag="767" ind1="0" ind2=" ">
            <marc:subfield code="a">Nesbø, Jo</marc:subfield>
            <marc:subfield code="t">Isänsä poika</marc:subfield>
            <marc:subfield code="w">991503443414702201</marc:subfield>
        </marc:datafield>
        <marc:datafield tag="767" ind1="0" ind2=" ">
            <marc:subfield code="a">Nesbø, Jo</marc:subfield>
            <marc:subfield code="t">Isänsä poika</marc:subfield>
            <marc:subfield code="w">999920411992202201</marc:subfield>
        </marc:datafield>
        <marc:datafield tag="767" ind1="0" ind2=" ">
            <marc:subfield code="a">Nesbø, Jo</marc:subfield>
            <marc:subfield code="t">Le fils</marc:subfield>
            <marc:subfield code="w">999920020384602201</marc:subfield>
        </marc:datafield>
        <marc:datafield tag="767" ind1="0" ind2=" ">
            <marc:subfield code="a">Nesbø, Jo</marc:subfield>
            <marc:subfield code="t">Sonen</marc:subfield>
            <marc:subfield code="w">991443688384702201</marc:subfield>
        </marc:datafield>
        <marc:datafield tag="767" ind1="0" ind2=" ">
            <marc:subfield code="a">Nesbø, Jo</marc:subfield>
            <marc:subfield code="t">Sonen</marc:subfield>
            <marc:subfield code="w">991509907404702201</marc:subfield>
        </marc:datafield>
        <marc:datafield tag="767" ind1="0" ind2=" ">
            <marc:subfield code="a">Nesbø, Jo</marc:subfield>
            <marc:subfield code="t">Sonen</marc:subfield>
            <marc:subfield code="w">991515237894702201</marc:subfield>
        </marc:datafield>
        <marc:datafield tag="767" ind1="0" ind2=" ">
            <marc:subfield code="a">Nesbø, Jo</marc:subfield>
            <marc:subfield code="t">Sønnen :</marc:subfield>
            <marc:subfield code="w">991416795654702201</marc:subfield>
        </marc:datafield>
        <marc:datafield tag="767" ind1="0" ind2=" ">
            <marc:subfield code="a">Nesbø, Jo</marc:subfield>
            <marc:subfield code="t">Sonurinn</marc:subfield>
            <marc:subfield code="w">999920523176102201</marc:subfield>
        </marc:datafield>
        <marc:datafield tag="767" ind1="0" ind2=" ">
            <marc:subfield code="a">Nesbø, Jo</marc:subfield>
            <marc:subfield code="t">Sūnus</marc:subfield>
            <marc:subfield code="w">999920243980102201</marc:subfield>
        </marc:datafield>
        <marc:datafield tag="767" ind1="0" ind2=" ">
            <marc:subfield code="a">Nesbø, Jo</marc:subfield>
            <marc:subfield code="t">Syn</marc:subfield>
            <marc:subfield code="w">999920021785002201</marc:subfield>
        </marc:datafield>
        <marc:datafield tag="767" ind1="0" ind2=" ">
            <marc:subfield code="a">Nesbø, Jo</marc:subfield>
            <marc:subfield code="t">The son</marc:subfield>
            <marc:subfield code="w">991418772864702201</marc:subfield>
        </marc:datafield>
        <marc:datafield tag="767" ind1="0" ind2=" ">
            <marc:subfield code="a">Nesbø, Jo</marc:subfield>
            <marc:subfield code="t">The son</marc:subfield>
            <marc:subfield code="w">991427095734702201</marc:subfield>
        </marc:datafield>
        <marc:datafield tag="767" ind1="0" ind2=" ">
            <marc:subfield code="a">Nesbø, Jo</marc:subfield>
            <marc:subfield code="t">The son</marc:subfield>
            <marc:subfield code="w">991500431124702201</marc:subfield>
        </marc:datafield>
        <marc:datafield tag="767" ind1="0" ind2=" ">
            <marc:subfield code="a">Nesbø, Jo</marc:subfield>
            <marc:subfield code="t">The son</marc:subfield>
            <marc:subfield code="w">991500431394702201</marc:subfield>
        </marc:datafield>
        <marc:datafield tag="767" ind1="0" ind2=" ">
            <marc:subfield code="t">Dēls</marc:subfield>
            <marc:subfield code="w">999920188390102201</marc:subfield>
            <marc:subfield code="z">978-9934-0-6102-8</marc:subfield>
        </marc:datafield>
        <marc:datafield tag="767" ind1="0" ind2=" ">
            <marc:subfield code="t">L'Hereu</marc:subfield>
            <marc:subfield code="w">999920682672002201</marc:subfield>
            <marc:subfield code="z">978-84-7588-722-7</marc:subfield>
        </marc:datafield>
        <marc:datafield tag="767" ind1="0" ind2=" ">
            <marc:subfield code="t">Ngưới con trai</marc:subfield>
            <marc:subfield code="w">999920320586202201</marc:subfield>
            <marc:subfield code="z">978-604-55-1922-6</marc:subfield>
        </marc:datafield>
        <marc:datafield tag="767" ind1="0" ind2=" ">
            <marc:subfield code="t">Poeg</marc:subfield>
            <marc:subfield code="w">999921689551702201</marc:subfield>
            <marc:subfield code="z">978-9985-3-5312-7</marc:subfield>
        </marc:datafield>
    </marc:record>