
    <marc:record>
        <marc:leader>01123cim a2200241 c 4500</marc:leader>
        <marc:controlfield tag="001">990121644104702202</marc:controlfield>
        <marc:controlfield tag="005">20230228113131.0</marc:controlfield>
        <marc:controlfield tag="007">sd f||||||||||</marc:controlfield>
        <marc:controlfield tag="008">150112s2001    no#|||| |||||||f#|||nob| </marc:controlfield>
        <marc:datafield tag="020" ind1=" " ind2=" ">
            <marc:subfield code="a">8242111146</marc:subfield>
            <marc:subfield code="c">Nkr 298.00</marc:subfield>
        </marc:datafield>
        <marc:datafield tag="020" ind1=" " ind2=" ">
            <marc:subfield code="a">9788242111142</marc:subfield>
        </marc:datafield>
        <marc:datafield tag="080" ind1=" " ind2=" ">
            <marc:subfield code="a">839.6</marc:subfield>
        </marc:datafield>
        <marc:datafield tag="082" ind1="7" ind2="4">
            <marc:subfield code="a">839.823</marc:subfield>
            <marc:subfield code="q">NO-OsNB</marc:subfield>
            <marc:subfield code="2">4/nor</marc:subfield>
        </marc:datafield>
        <marc:datafield tag="100" ind1="1" ind2=" ">
            <marc:subfield code="a">Nesbø, Jo</marc:subfield>
            <marc:subfield code="d">1960-</marc:subfield>
            <marc:subfield code="0">(NO-TrBIB)90356569</marc:subfield>
            <marc:subfield code="1">http://viaf.org/viaf/44460209</marc:subfield>
            <marc:subfield code="4">http://rdaregistry.info/Elements/w/object/P10061</marc:subfield>
        </marc:datafield>
        <marc:datafield tag="240" ind1=" " ind2=" ">
            <marc:subfield code="a">Karusellmusikk</marc:subfield>
            <marc:subfield code="1">https://www.wikidata.org/wiki/Q6373735 </marc:subfield>
        </marc:datafield>
        <marc:datafield tag="245" ind1="1" ind2="0">
            <marc:subfield code="a">Karusellmusikk :</marc:subfield>
            <marc:subfield code="b">noveller</marc:subfield>
            <marc:subfield code="c">Jo Nesbø</marc:subfield>
            <marc:subfield code="h">[lydopptak]</marc:subfield>
        </marc:datafield>
        <marc:datafield tag="260" ind1=" " ind2=" ">
            <marc:subfield code="a">[Melhus]</marc:subfield>
            <marc:subfield code="b">Lydbokforl.</marc:subfield>
            <marc:subfield code="c">2001</marc:subfield>
        </marc:datafield>
        <marc:datafield tag="300" ind1=" " ind2=" ">
            <marc:subfield code="a">4 plater (3 t, 58 min)</marc:subfield>
            <marc:subfield code="c">12 cm, i eske</marc:subfield>
        </marc:datafield>
        <marc:datafield tag="336" ind1=" " ind2=" ">
            <marc:subfield code="a">spoken word</marc:subfield>
            <marc:subfield code="2">rdacontent</marc:subfield>
            <marc:subfield code="0">http://rdaregistry.info/termList/RDAContentType/1013</marc:subfield>
        </marc:datafield>
        <marc:datafield tag="337" ind1=" " ind2=" ">
            <marc:subfield code="a">audio</marc:subfield>
            <marc:subfield code="2">rdamedia</marc:subfield>
            <marc:subfield code="0">http://rdaregistry.info/termList/RDAMediaType/1001</marc:subfield>
        </marc:datafield>
        <marc:datafield tag="338" ind1=" " ind2=" ">
            <marc:subfield code="a">audio disc</marc:subfield>
            <marc:subfield code="2">rdacarrier</marc:subfield>
            <marc:subfield code="0">http://rdaregistry.info/termList/RDACarrierType/1004</marc:subfield>
        </marc:datafield>
        <marc:datafield tag="500" ind1=" " ind2=" ">
            <marc:subfield code="a">Lest av Mads Ousdal</marc:subfield>
        </marc:datafield>
        <marc:datafield tag="700" ind1="1" ind2=" ">
            <marc:subfield code="a">Ousdal, Mads</marc:subfield>
            <marc:subfield code="d">1970-</marc:subfield>
            <marc:subfield code="e">medarb.</marc:subfield>
            <marc:subfield code="0">(NO-TrBIB)1018672</marc:subfield>
            <marc:subfield code="1">http://viaf.org/viaf/20625366</marc:subfield>
            <marc:subfield code="4">http://rdaregistry.info/Elements/e/object/P20022</marc:subfield>
        </marc:datafield>
    </marc:record>