
    <marc:record>
        <marc:leader>01775cgm a2200337 c 4500</marc:leader>
        <marc:controlfield tag="001">991146946994702202</marc:controlfield>
        <marc:controlfield tag="005">20230105140221.0</marc:controlfield>
        <marc:controlfield tag="007">vd#|v||||</marc:controlfield>
        <marc:controlfield tag="008">141201p20112011xx |||||||||||    v|nob|d</marc:controlfield>
        <marc:datafield tag="024" ind1="3" ind2=" ">
            <marc:subfield code="a">7041271939937</marc:subfield>
        </marc:datafield>
        <marc:datafield tag="080" ind1=" " ind2=" ">
            <marc:subfield code="a">839.6</marc:subfield>
        </marc:datafield>
        <marc:datafield tag="082" ind1="0" ind2="4">
            <marc:subfield code="a">791.4372</marc:subfield>
            <marc:subfield code="2">23</marc:subfield>
        </marc:datafield>
        <marc:datafield tag="100" ind1="1" ind2=" ">
            <marc:subfield code="a">Tyldum, Morten</marc:subfield>
            <marc:subfield code="d">1967-</marc:subfield>
            <marc:subfield code="0">(NO-TrBIB)99008873</marc:subfield>
            <marc:subfield code="1">http://viaf.org/viaf/187553559</marc:subfield>
            <marc:subfield code="4">http://rdaregistry.info/Elements/w/object/P10013</marc:subfield>
        </marc:datafield>
        <marc:datafield tag="240" ind1=" " ind2=" ">
            <marc:subfield code="a">Hodejegerne</marc:subfield>
            <marc:subfield code="1">https://www.wikidata.org/wiki/Q1592308</marc:subfield>
        </marc:datafield>
        <marc:datafield tag="245" ind1="0" ind2="0">
            <marc:subfield code="a">Hodejegerne</marc:subfield>
            <marc:subfield code="c">regi: Morten Tyldum</marc:subfield>
            <marc:subfield code="h">[videoopptak]</marc:subfield>
        </marc:datafield>
        <marc:datafield tag="260" ind1=" " ind2=" ">
            <marc:subfield code="a">Oslo</marc:subfield>
            <marc:subfield code="b">Nordisk Film Distribusjon AS</marc:subfield>
            <marc:subfield code="c">2011</marc:subfield>
        </marc:datafield>
        <marc:datafield tag="300" ind1=" " ind2=" ">
            <marc:subfield code="a">1 videoplate (DVD-video) (1 t, 38 min.)</marc:subfield>
            <marc:subfield code="b">lyd, kol.</marc:subfield>
        </marc:datafield>
        <marc:datafield tag="336" ind1=" " ind2=" ">
            <marc:subfield code="a">two-dimensional moving image</marc:subfield>
            <marc:subfield code="2">rdacontent</marc:subfield>
            <marc:subfield code="0">http://rdaregistry.info/termList/RDAContentType/1023</marc:subfield>
        </marc:datafield>
        <marc:datafield tag="337" ind1=" " ind2=" ">
            <marc:subfield code="a">audio</marc:subfield>
            <marc:subfield code="2">rdamedia</marc:subfield>
            <marc:subfield code="0">http://rdaregistry.info/termList/RDAMediaType/1008</marc:subfield>
        </marc:datafield>
        <marc:datafield tag="338" ind1=" " ind2=" ">
            <marc:subfield code="a">video disc</marc:subfield>
            <marc:subfield code="2">rdacarrier</marc:subfield>
            <marc:subfield code="0">http://rdaregistry.info/termList/RDACarrierType/1060</marc:subfield>
        </marc:datafield>
        <marc:datafield tag="500" ind1=" " ind2=" ">
            <marc:subfield code="a">Aldersgrense: 15 år</marc:subfield>
        </marc:datafield>
        <marc:datafield tag="500" ind1=" " ind2=" ">
            <marc:subfield code="a">Basert på: Hodejegerne / Jo Nesbø</marc:subfield>
        </marc:datafield>
        <marc:datafield tag="500" ind1=" " ind2=" ">
            <marc:subfield code="a">DVD : 1939931</marc:subfield>
        </marc:datafield>
        <marc:datafield tag="500" ind1=" " ind2=" ">
            <marc:subfield code="a">Ekstramateriale: Bakom filmen, musikkvideo, trailer, teasertrailer, kommentarspor</marc:subfield>
        </marc:datafield>
        <marc:datafield tag="500" ind1=" " ind2=" ">
            <marc:subfield code="a">Medietilsynet : 160201</marc:subfield>
        </marc:datafield>
        <marc:datafield tag="500" ind1=" " ind2=" ">
            <marc:subfield code="a">Norsk språk, tekstet for hørselshemmede</marc:subfield>
        </marc:datafield>
        <marc:datafield tag="500" ind1=" " ind2=" ">
            <marc:subfield code="a">Rolleliste: Aksel Hennie, Synne Macody Lund, Nikolaj Coster-Waldau, Eivind Sander, Julie Ølgaard</marc:subfield>
        </marc:datafield>
        <marc:datafield tag="700" ind1="1" ind2="2">
            <marc:subfield code="a">Nesbø, Jo</marc:subfield>
            <marc:subfield code="d">1960-</marc:subfield>
            <marc:subfield code="t">Hodejegerne</marc:subfield>
            <marc:subfield code="0">(NO-TrBIB)90356569</marc:subfield>
            <marc:subfield code="1">http://viaf.org/viaf/2490154501856639210005</marc:subfield>
            <marc:subfield code="4">http://rdaregistry.info/Elements/w/object/P10311</marc:subfield>
        </marc:datafield>
        <marc:datafield tag="700" ind1=" " ind2=" ">
            <marc:subfield code="a">Ryberg, Ulf</marc:subfield>
            <marc:subfield code="1">http://viaf.org/viaf/42539772</marc:subfield>
            <marc:subfield code="4">http://rdaregistry.info/Elements/w/object/P10203</marc:subfield>
        </marc:datafield>
        <marc:datafield tag="700" ind1=" " ind2=" ">
            <marc:subfield code="a">Gudmestad,Lars</marc:subfield>
            <marc:subfield code="1">http://viaf.org/viaf/120895739</marc:subfield>
            <marc:subfield code="4">http://rdaregistry.info/Elements/w/object/P10203</marc:subfield>
        </marc:datafield>
        <marc:datafield tag="740" ind1="0" ind2=" ">
            <marc:subfield code="a">Jo Nesbøs Hodejegerne</marc:subfield>
        </marc:datafield>
    </marc:record>